@unpublished{Prohlatype
  , author    = "Leonid Rozenberg and Jeffrey Hammerbacher"
  , title     = "Prohlatype: A Probabilistic Framework for HLA Typing"
  , note      = {preprint, \url{https://doi.org/10.1101/244962}}
}
